@article{Abello2022GigaGC,
  title={Giga Graph Cities: Their Buckets, Buildings, Waves, and Fragments},
  author={James Abello and H. Zhang and Daniel Nakhimovich and Chengguizi Han and Mridul Aanjaneya},
  journal={IEEE Computer Graphics and Applications},
  year={2022},
  volume={42},
  pages={53-64}
}

@inproceedings{Abello2021GraphCT,
  title={Graph Cities: Their Buildings, Waves, and Fragments},
  author={James Abello and Daniel Nakhimovich and Chengguizi Han and Mridul Aanjaneya},
  booktitle={EDBT/ICDT Workshops},
  year={2021}
}

@article{Abello2020GraphW,
  title={Graph Waves},
  author={James Abello and Daniel Nakhimovich},
  journal={Big Data Res.},
  year={2020},
  volume={29},
  pages={100327}
}

@article{Abello2013FixedPO,
  title={Fixed points of graph peeling},
  author={James Abello and Fran√ßois Queyroi},
  journal={2013 IEEE/ACM International Conference on Advances in Social Networks Analysis and Mining (ASONAM 2013)},
  year={2013},
  pages={256-263}
}

@online{IBMML,
    title = "IBM Money Laundering",
    url = "https://ibm.ent.box.com/v/AML-Anti-Money-Laundering-Data/file/780515045707",
}

@online{Dataset,
 title = "AML Dataset",
 url = "https://www.kaggle.com/datasets/ealtman2019/ibm-transactions-for-anti-moneylaundering-aml",
}
@online{GraphCities,
title = "Graph Cities",
url = "https://github.com/endlesstory0428/Graph-Cities",
}
@online{GraphAnalytics,
title = "Graph Analytics",
url = "https://datawalk.com/whitepaper-graph-analytics-the-new-game-changer-for-aml/",
}

@online{Neo4j,
title = "Neo4j",
url = "https://neo4j.com/developer-blog/graph-visualization-with-neo4j-using-neovis-js/",
}

@online{Neovis,
title = "Neovis",
url = "https://github.com/neo4j-contrib/neovis.js",
}